@STRING(   nima = "Nucl. Instr. Meth. Phys. Res. A")

@techreport{bess2015baseline,
  title={Baseline assessment of {TREAT} for modeling and analysis needs},
  author={Bess, John Darrell and DeHart, Mark David},
  year={2015},
  institution={Idaho National Laboratory (INL)}
}

% treat overview image
@article{imholte2016comparison,
  title={Comparison of nuclear pulse reactor facilities with reactivity-initiated-accident testing capability},
  author={Imholte, D. Devin and Aydogan, Fatih},
  journal={Progress in Nuclear Energy},
  volume={91},
  pages={310--324},
  year={2016}
}

% hodoscope image
@misc{treat_hodoscope_image,
author = {John Bumgardner and Lee Nelson},
title = {Restart of the transient reactor test facility ({TREAT}) and resumption of transient testing}
}

% rear hodoscope and treat environment, Hornyak button
@article{de1975fast,
  title={Fast-neutron hodoscope at {TREAT}: development and operation},
  author={De Volpi, A. and Pecina, R. J. and Daly, R. T. and Travis, D. J. and Stewart, R. R. and Rhodes, E. A.},
  journal={Nuclear Technology},
  volume={27},
  number={3},
  pages={449--487},
  year={1975},
  publisher={American Nuclear Society}
}

@article{ghosh2018high,
  title={A high-efficiency, low-{\^C}erenkov Micro-Layered Fast-Neutron Detector for the TREAT hodoscope},
  author={Ghosh, Priyarshini and Fu, Wenkai and Harrison, Mark J. and Doyle, Patrick K. and Edwards, Nathaniel S. and Roberts, Jeremy A. and McGregor, Douglas S.},
  journal=nima,
  volume={904},
  pages={100--106},
  year={2018}
}

% 20um radius ZnS(Ag) grain
@article{fink1982optimization,
  title={Optimization of a Hornyak-button Detector for Fast-neutron Detection},
  author={Fink, CL},
  journal={IEEE Transactions on Nuclear Science},
  volume={29},
  number={1},
  pages={718--721},
  year={1982},
  publisher={IEEE}
}

% msnd 69\% efficiency
@article{ochs2018improved,
  title={Improved manufacturing and performance of the dual-sided microstructured semiconductor neutron detector (DS-MSND)},
  author={Ochs, TR and Bellinger, SL and Fronk, RG and Henson, LC and Hutchins, RM and McGregor, DS},
  journal= nima, 
  year={2018},
  publisher={Elsevier}
}

% MPFD computational routine
@misc{garfield_elmer_example,
title = {Detector simulation in {G}arfield++ with open-source finite element electrostatics},
author = {Renner, Josh}
}
% howpublished = {\url{https://garfieldpp.web.cern.ch/garfieldpp/examples/elmer/garfield_elmer_doc.pdf}},






