@preamble{ " \newcommand{\noop}[1]{} " }

@STRING(nima = "Nucl. Instr. Meth. Phys. Res. A")
@STRING(annals = "Ann. Nucl. Energy")
@STRING(nimb = "Nucl. Instr. Meth. Phys. Res. B")


@inproceedings{india_confe,
title = {Numerical Evaluation of Micro-Pocket Fission Detectors},
author = {W. Fu and D. M. Nichols and D. S. McGregor and J. A. Roberts},
year = {2019},
booktitle = {Symposium on Advanced Sensors and Modeling Techniques for Nuclear Reactor Safety},
publisher = {New Prairie Press}
}


@article{scin_expe2,
title = {Factors Affecting Performance of the Micro-Layered Fast-Neutron
Detector},
author = {Priyarshini Ghosh and Wenkai Fu and Harrison, Mark J. and Doyle, Patrick K.  and Roberts, Jeremy A.  and McGregor, Douglas S. },
journal = nima,
note = {\url{https://doi.org/10.1016/j.nima.2018.12.040}}
}

@article{rpc,
title = {Fast-Neutron Detector Developments for the {TREAT} Hodoscope},
author = {Roberts, Jeremy A. and Harrison, Mark J. and Wenkai Fu and Ghosh, Priyarshini and McGregor, Douglas S.},
journal = {Radiation Physics and Chemistry},
year={2019},
volume = {155},
pages = {184-190}
}

@article{fast_msnd,
title = {Numerical Evaluation of Fast-Sensitive Microstructured Semiconductor Neutron Detectors for {TREAT} Hodoscope},
author = {Wenkai Fu and Ryan G. Fronk and Douglas S. McGregor and Jeremy A. Roberts},
journal = nima,
volume = {915},
year = {2019},
pages = {102-109}
}

@article{scin_expe,
title = {A High-Efficiency, Low-{C}herenkov Micro-Layered Fast Neutron Detector for the {TREAT} Hodoscope},
author = {Priyarshini Ghosh and Wenkai Fu and Patrick K. Doyle and Nathaniel S. Edwards  and Mark J. Harrison and Jeremy A.
Roberts and Douglas S. McGregor},
journal = nima,
volume = {904},
year = {2018},
pages = {100--106}}

@article{fu2018geant4,
  title={A {G}eant4 evaluation of the {H}ornyak button and two candidate detectors for the {TREAT} hodoscope},
  author={Wenkai Fu and Ghosh, Priyarshini and Harrison, Mark J. and McGregor, Douglas S. and Roberts, Jeremy A.},
  journal=nima,
  year={2018},
  pages = {39--46},
  volume = {889}
}

@techreport{treat17,
title = {{FY17} Report for Instrumentation Development for the Transient Testing Program},
author = {M. Reichenberger and J. Roberts and M. Harrison and D. Nichols and W. Fu and K. Kellogg and J. Hewitt and D. McGregor (listed are KSU authors) and others},
institution = {Idaho National Laboratory},
year = {2017},
month = {September},
note = {Report number: INL/EXT-17-43444}
}


@inproceedings{ans2016,
author = {Ghosh, Priyarshini and Wenkai Fu and Ryan Fronk and Douglas S. McGregor and Jeremy A. Roberts},
title = {Evaluation of {MSND}s for Fast-Neutron Detection and the {TREAT} Hodoscope},
booktitle = {Transactions of the American Nuclear Society},
year = {2016},
volume = {115},
pages = {1009-1012}
}
